% Introduction
@reference{What-is-anomalies,
    title = {Что такое обнаружение аномалий? Описание обнаружения аномалий с помощью машинного обучения},
    media = {eresource},
    publisher = {Amazon Web Services},
    year = {2022},
    langid = {russian},
    url = {https://aws.amazon.com/ru/what-is/anomaly-detection/},
    urldate = {2025-02-15},
}

@reference{Outliers-in-data,
    title = {Обнаружение аномалий: выявление выбросов в данных},
    media = {eresource},
    publisher = {wedx.ru},
    langid = {russian},
    url = {https://wedx.ru/obnaruzhenie-anomalij-vyyavlenie-vybrosov-v-dannyh.html},
    urldate = {2025-02-15},
}

@reference{AI-and-ML-for-AD,
    title = {Artificial Intelligence and Machine Learning for Anomaly Detection},
    media = {eresource},
    publisher = {Veritis.com},
    year = {2022},
    langid = {english},
    url = {https://www.veritis.com/blog/anomaly-detection-using-machine-learning/},
    urldate = {2025-02-15},
}

@reference{SAS-Data-Quality,
    title = {SAS Data Quality and SAS Data Governance},
    media = {eresource},
    publisher = {SAS: Analytics, Artificial Intelligence and Data Management},
    year = {2019},
    langid = {english},
    url = {https://www.sas.com/content/dam/SAS/documents/event-collateral/2019/ru/seminar-kz-data-laboratory/seminar-kz-sas-data-quality-data-governance.pdf},
    urldate = {2025-02-15},
}

@book{Method-detection-incidents-IS,
    author = {Есипов, Д. А. and Шабала, Е. Е. and Щетинин, Б. С.},
    title = {Метод обнаружения инцидентов информационной безопасности по аномалиям в биометрических поведенческих чертах пользователя},
    publisher = {Научно-технический вестник информационных технологий, механики и оптики},
    language = {russian},
    langid = {russian},
    year = {2022},
    url = {https://cyberleninka.ru/article/n/metod-obnaruzheniya-intsidentov-informatsionnoy-bezopasnosti-po-anomaliyam-v-biometricheskih-povedencheskih-chertah-polzovatelya},
    urldate = {2025-02-15},
}

@reference{Diagnostics-IoT,
    title = {Методы для обнаружения и диагностика неисправностей применительно IoT},
    media = {eresource},
    publisher = {Хабр},
    year = {2019},
    langid = {russian},
    url = {https://habr.com/ru/companies/otus/articles/567574/},
    urldate = {2025-02-15},
}

@book{Detection-anomalies-and-falsifications,
    author = {Хрипунов, П. В. and Минаев, Е. Ю. and Проценко, В. И.},
    title = {Обнаружение аномалий и фальсификаций в данных социальных сервисов в рамках цифровой экономики},
    publisher = {Известия Самарского научного центра РАН},
    language = {russian},
    langid = {russian},
    year = {2019},
    url = {https://cyberleninka.ru/article/n/obnaruzhenie-anomaliy-i-falsifikatsiy-v-dannyh-sotsialnyh-servisov-v-ramkah-tsifrovoy-ekonomiki},
    urldate = {2025-02-15},
}

@reference{ML-powered-AD,
    title = {Machine learning (ML) powered anomaly detection},
    media = {eresource},
    publisher = {Learn Netdata},
    year = {2023},
    langid = {english},
    url = {https://learn.netdata.cloud/docs/ml-and-troubleshooting/machine-learning-ml-powered-anomaly-detection},
    urldate = {2025-02-15},
}

% Характеристика организации.
@reference{Requlations-SEC-ISC,
    heading = {ПОЛОЖЕНИЕ №03.02-06/2},
    title = {О структурном подразделении Научно-учебный комплекс <<Информатика и системы управления>>},
    specdata = {Взамен Положения о структурном подразделении №03.02-06/1 от 12.04.2012},
    publisher = {МГТУ им. Н.Э. Баумана},
    year = {2022},
    pagetotal = {8},
    langid = {russian},
}

% Мат. постановка задачи.
@book{Threshold-Adaptation,
    author = {Марчук, В. И. and Румянцев, К. Е. and },
    title = {Анализ методов адаптации порогового значения при обнаружении аномальных измерений},
    publisher = {Известия вузов России. Радиоэлектроника},
    language = {russian},
    langid = {russian},
    year = {2006},
    number = 1,
    url = {https://cyberleninka.ru/article/n/analiz-metodov-adaptatsii-porogovogo-znacheniya-pri-obnaruzhenii-anomalnyh-izmereniy},
    urldate = {2025-02-21},
}

@article{Vasilyev-IS,
    author = {Васильев, В. И. and Вульфин, А. М. and Гвоздев, В. Е.},
    title = {Обеспечение информационной безопасности киберфизических объектов на основе прогнозирования и обнаружения аномалий их состояния},
    journal = {Системы управления, связи и безопасности},
    number = 6,
    pages = {90-119},
    language = {russian},
    langid = {russian},
    year = {2021},
    issn = {2410-9916}, 
    _url = {https://sccs.intelgr.com/archive/2021-06/06-Vasilyev.pdf},
    urldate = {2025-02-17},
}

@book{Threshold-Adaptation,
    author = {Марчук, В. И. and Румянцев, К. Е.},
    title = {Анализ методов адаптации порогового значения при обнаружении аномальных измерений},
    publisher = {Известия вузов России. Радиоэлектроника},
    language = {russian},
    langid = {russian},
    year = {2006},
    number = 1,
    url = {https://cyberleninka.ru/article/n/analiz-metodov-adaptatsii-porogovogo-znacheniya-pri-obnaruzhenii-anomalnyh-izmereniy},
    urldate = {2025-02-18},
}

@book{Detect-Anomalies-Deep-NN,
    author = {Романов, Н. А. and Кропотов, Д. А.},
    title = {Детектирование аномалий во временных рядах при помощи глубоких нейронных сетей},
    publisher = {Московский государственный университет имени М.В. Ломоносова},
    language = {russian},
    langid = {russian},
    year = {2018},
    url = {http://www.machinelearning.ru/wiki/images/6/6e/2018_617_RomanovNA.pdf},
    urldate = {2025-02-18},
}

% 3-sigma.

@book{Three-Sigma-Limits,
    author = {Will Kenton},
    title = {Three Sigma Limits Statistical Calculation With Example},
    publisher = {Investopedia.com},
    language = {english},
    langid = {english},
    year = {2024},
    url = {https://www.investopedia.com/terms/t/three-sigma-limits.asp},
    urldate = {2025-02-20},
}

% One-Class SVM.
@reference{Skilear-One-Class-SVM-Doc,
    title = {Документация метода sklearn.svm.OneClassSVM},
    media = {eresource},
    publisher = {Scikit-learn – Machine Learning in Python},
    langid = {russian},
    url = {https://scikit-learn.org/stable/modules/generated/sklearn.svm.OneClassSVM.html},
    urldate = {2025-02-20},
}

@book{SVM-Lecture,
    author = {Piyush Rai},
    title = {Introduction to Machine Learning: SVM (Contd), Multiclass and One-Class SVM},
    publisher = {Московский государственный университет имени М.В. Ломоносова},
    language = {english},
    langid = {english},
    year = {2018},
    url = {https://www.cse.iitk.ac.in/users/piyush/courses/ml_autumn18/material/771_A18_lec11.pdf},
    urldate = {2025-02-20},
}

@reference{Anomaly-Detection-One-Class-SVM,
    title = {Поиск аномалий с One-Class SVM},
    media = {eresource},
    publisher = {Otus.ru – образовательная онлайн-платформа},
    langid = {russian},
    year = {2019},
    url = {https://otus.ru/nest/post/888/},
    urldate = {2025-02-20},
}

@reference{RBF-Kernel-in-SVM,
    title = {The RBF kernel in SVM: A Complete Guide},
    media = {eresource},
    publisher = {PyCodeMates},
    langid = {russian},
    year = {2022},
    url = {https://www.pycodemates.com/2022/10/the-rbf-kernel-in-svm-complete-guide.html},
    urldate = {2025-02-20},
}

@reference{Skilear-RBF-Doc,
    title = {One-class SVM with non-linear kernel (RBF)},
    media = {eresource},
    publisher = {Scikit-learn – Machine Learning in Python},
    langid = {russian},
    url = {https://scikit-learn.sourceforge.net/dev/auto_examples/svm/plot_oneclass.html},
    urldate = {2025-02-20},
}

% IForest.
@reference{Short-outlier-methods-overview,
    title = {Краткий обзор методов обнаружения выбросов},
    media = {eresource},
    publisher = {Skine.ru},
    langid = {russian},
    url = {https://skine.ru/articles/476079/},
    urldate = {2025-02-20},
}

@reference{Isolation-Forest,
    title = {Fei Tony Liu, Kai Ming Ting, Zhi-Hua Zhou Isolation Forest},
    media = {eresource},
    publisher = {Eighth IEEE International Conference on Data Mining},
    year = {2008},
    langid = {english},
    url = {https://cs.nju.edu.cn/zhouzh/zhouzh.files/publication/icdm08b.pdf?q=isolation-forest},
    urldate = {2025-02-20},
}

@book{Eiler-Maskeroni-Const,
    author = {Радевич, В. С.},
    title = {Коэффициент и постоянная Эйлера-Маскерони},
    publisher = {Современные инновации},
    language = {russian},
    langid = {russian},
    year = {2022},
    number = 4,
    url = {https://cyberleninka.ru/article/n/koefitsient-i-postoyannaya-eylera-maskeroni},
    urldate = {2025-02-20},
}

@misc{DIF,
    title={Deep Isolation Forest for Anomaly Detection}, 
    author={Hongzuo Xu and Guansong Pang and Yijie Wang},
    year={2023},
    eprint={2206.06602},
    archivePrefix={arXiv},
    primaryClass={cs.LG},
    url = {https://arxiv.org/pdf/2206.06602.pdf},
}

% ECOD.
@misc{ECOD,
    title={ECOD: Unsupervised Outlier Detection Using Empirical Cumulative Distribution Functions}, 
    author={Zheng Li and Yue Zhao and Xiyang Hu},
    year={2022},
    eprint={2201.00382v3},
    archivePrefix={arXiv},
    primaryClass={cs.LG},
    url = {https://arxiv.org/abs/2201.00382v3.pdf},
}
@reference{Replace-Outlier-Detection-with-ECOD,
    title = {Replace Outlier Detection by Simple Statistics with ECOD},
    media = {eresource},
    publisher = {Medium – Where good ideas find you},
    year = {2022},
    langid = {english},
    url = {https://medium.com/geekculture/replace-outlier-detection-by-simple-statistics-with-ecod-f95a7d982f79},
    urldate = {2025-02-20},
}

% Выбор и обоснование математической постановки.
@book{Applied-Autoencoder-One,
    author = {Чернышов, Ю. Ю.},
    title = {Применение автокодировщиков для выявления аномалий в киберфизических системах},
    publisher = {Вестник Пермского университета},
    language = {russian},
    langid = {russian},
    year = {2022},
    number = 4,
    url = {https://cyberleninka.ru/article/n/primenenie-avtokodirovschikov-dlya-vyyavleniya-anomaliy-v-kiberfizicheskih-sistemah},
    urldate = {2025-02-21},
}

@book{Applied-Autoencoder-Two,
    author = {Гурина, А. О. and Гузев, О. Ю. and Елисеев, В. Л.},
    title = {Обнаружение аномальных событий на хосте с использованием автокодировщика},
    publisher = {International Journal of Open Information Technologies},
    language = {russian},
    langid = {russian},
    year = {2020},
    number = 8,
    url = {https://cyberleninka.ru/article/n/obnaruzhenie-anomalnyh-sobytiy-na-hoste-s-ispolzovaniem-avtokodirovschika},
    urldate = {2025-02-21},
}

@article{Gurina2019AnomalyBasedMF,
  title={Anomaly-Based Method for Detecting Multiple Classes of Network Attacks},
  author={Anastasia Gurina and Vladimir Eliseev},
  journal={Inf.},
  year={2019},
  volume={10},
  pages={84},
  url={https://api.semanticscholar.org/CorpusID:86701180}
}
